@article{einstein,
    author = "Albert Einstein",
    title = "{Zur Elektrodynamik bewegter K{\"o}rper}. ({German})
    [{On} the electrodynamics of moving bodies]",
    journal = "Annalen der Physik",
    volume = "322",
    number = "10",
    pages = "891--921",
    year = "1905",
    DOI = "http://dx.doi.org/10.1002/andp.19053221004",
    keywords = "physics"
}

@article{QCGJ2018,
	author = {Quiñones Cuenca, Manuel AND González Jaramillo, Víctor AND Torres, Rommel AND Jumbo, Miguel},
	title = {Sistema De Monitoreo de Variables Medioambientales Usando Una Red de Sensores Inalámbricos y Plataformas De Internet De Las Cosas},
	year = {2018},
	url = "http://scielo.senescyt.gob.ec/scielo.php?script=sci\_arttext\&pid=S1390-65422017000100329\&nrm=iso",
	volume = {http://scielo.senescyt.gob.ec/scielo.php?script=sci\_arttext\&pid=S1390-65422017000100329\&nrm=iso, 8},
	year = {2017},
	month = {02},
	pages = {329 - 343},
	publisher = {scielo},
}

@article{federici2014design,
  title={Design of wireless sensor nodes for structural health monitoring applications},
  author={Federici, Fabio and Alesii, Roberto and Colarieti, Andrea and Faccio, Marco and Graziosi, Fabio and Gattulli, Vincenzo and Potenza, Francesco},
  journal={Procedia Engineering},
  volume={87},
  pages={1298--1301},
  year={2014},
  publisher={Elsevier},
}

@inproceedings{muttillo2019structural,
  title={Structural health continuous monitoring of buildings--A modal parameters identification system},
  author={Muttillo, Mirco and Di Battista, Luca and de Rubeis, Tullio and Nardi, Iole},
  booktitle={2019 4th International Conference on Smart and Sustainable Technologies (SpliTech)},
  pages={1--4},
  year={2019},
  organization={IEEE},
}

@article{komarizadehasl2022development,
  title={Development of low-cost sensors for structural health monitoring applications},
  author={Komarizadehasl, Seyedmilad},
  year={2022},
  publisher={Universitat Polit{\`e}cnica de Catalunya},
  url = {http://hdl.handle.net/2117/379464},
}

@mastersthesis{DA2006,
	author = {Dávila Frias, Alex Vicente},
	title = {Diseño y construcción de un prototipo para medición y transmisión inalámbrica del consumo de energía eléctrica de un sistema monofásico bifilar},
	type = {{Trabajo de Grado, http://bibdigital.epn.edu.ec/handle/15000/5119}},
	school = {EPN, Quito},
	year = {2006},
	url = "http://bibdigital.epn.edu.ec/handle/15000/5119",
}

@article{RUIZ-AYALA2018,
	author = {Ruiz-Ayala, Daniel Camilo AND Vides-Herrera, Carlos Arturo AND Pardo-GarcÍa, Aldo},
	title = {Monitoreo de variables meteorológicas a través de un sistema inalámbrico de adquisición de datos},
	year = {2018},
	volume = {http://www.scielo.org.co/scielo.php?script=sci\_arttext\&pid=S2027-83062018000100333\&nrm=iso, 8},
	month = {06},
	pages = {333 - 341},
	publisher = {scieloco},
	url= {http://www.scielo.org.co/scielo.php?script=sci\_arttext\&pid=S2027-83062018000100333\&nrm=iso},
}

