
@article{QCGJ2018,
	author = {Quiñones Cuenca, Manuel AND González Jaramillo, Víctor AND Torres, Rommel AND Jumbo, Miguel},
	title = {Sistema De Monitoreo de Variables Medioambientales Usando Una Red de Sensores Inalámbricos y Plataformas De Internet De Las Cosas},
	year = {2018},
	url = "http://scielo.senescyt.gob.ec/scielo.php?script=sci\_arttext\&pid=S1390-65422017000100329\&nrm=iso",
	volume = {http://scielo.senescyt.gob.ec/scielo.php?script=sci\_arttext\&pid=S1390-65422017000100329\&nrm=iso, 8},
	year = {2017},
	month = {02},
	pages = {329 - 343},
	publisher = {scielo},
}

@article{nagayama2007structural,
  title={Structural health monitoring using smart sensors},
  author={Nagayama, Tomonori and Spencer Jr, Billie F},
  journal={Newmark Structural Engineering Laboratory Report Series 001},
  year={2007},
  publisher={Newmark Structural Engineering Laboratory. University of Illinois at Urbana~…}
}

@book{balageas2010structural,
  title={Structural health monitoring},
  author={Balageas, Daniel and Fritzen, Claus-Peter and G{\"u}emes, Alfredo},
  volume={90},
  year={2010},
  publisher={John Wiley \& Sons}
}

@book{miguel2010instrumentacion,
  title={Instrumentación electrónica: transductores y acondicionadores de señal},
  author={Miguel, Mercedes Granda and Bolado, Elena Mediavilla},
  volume={15},
  year={2010},
  publisher={Ed. Universidad de Cantabria}
}

@article{federici2014design,
  title={Design of wireless sensor nodes for structural health monitoring applications},
  author={Federici, Fabio and Alesii, Roberto and Colarieti, Andrea and Faccio, Marco and Graziosi, Fabio and Gattulli, Vincenzo and Potenza, Francesco},
  journal={Procedia Engineering},
  volume={87},
  pages={1298--1301},
  year={2014},
  publisher={Elsevier},
}

@inproceedings{muttillo2019structural,
  title={Structural health continuous monitoring of buildings--A modal parameters identification system},
  author={Muttillo, Mirco and Di Battista, Luca and de Rubeis, Tullio and Nardi, Iole},
  booktitle={2019 4th International Conference on Smart and Sustainable Technologies (SpliTech)},
  pages={1--4},
  year={2019},
  organization={IEEE},
}

@article{komarizadehasl2022development,
  title={Development of low-cost sensors for structural health monitoring applications},
  author={Komarizadehasl, Seyedmilad},
  year={2022},
  publisher={Universitat Polit{\`e}cnica de Catalunya},
  url = {http://hdl.handle.net/2117/379464},
}

@article{blanco2012criterios,
  title={Criterios fundamentales para el dise{\~n}o sismorresistente},
  author={Blanco, Marianela},
  journal={Revista de la Facultad de Ingenier{\'\i}a Universidad Central de Venezuela},
  volume={27},
  number={3},
  pages={071--084},
  year={2012},
  publisher={Universidad Central de Venezuela}
}


@misc{alfonso1,
   Author = {Alfonso, Andrés and Valero, César},
   Title = {{Fundamentos de SciLab y Aplicaciones}},
   Note = {Disponible en http://www.scilab.org y obtenido en enero 2008},
 Year = {2004} }


@misc{baumer1,
   Author = {Bäumer, B. and Neubrander, F.},
   Title = {{Laplace transform methods for evolution equations}},
   Volume = {2004},
   Number = {26 diciembre 2004},
   Note = {Conferenze del Seminario di Matematica dell'Universit`a di Bari. Obtenido de http://citeseer.ist.psu.edu/48209.html el 26 diciembre 2004},
 Year = {1994} }




@book{brea5,
   Author = {Brea, Ebert},
   Title = {{Cálculo Operacional}},
   Publisher = {Escuela de Ingeniería Eléctrica, Universidad Central de Venezuela},
   Address = {Caracas},
   Edition = {1ra},
 Year = {2006} }



@book{brigham1,
   Author = {Brigham, E. Oran},
   Title = {{The fast Fourier transform}},
   Publisher = {Prentice Hall},
   Address = {Englewood Cliffs, N.J.},
   Series = {Prentice-Hall signal processing series},
 Keywords = {Fourier transformations.},
   Year = {1974} }



@book{brigham2,
   Author = {Brigham, E. Oran},
   Title = {{The fast Fourier transform and its applications}},
   Publisher = {Prentice Hall},
   Address = {Englewood Cliffs, N.J.},
   Series = {Prentice-Hall signal processing series},
 Keywords = {Fourier transformations.},
   Year = {1988} }



@article{carrolll1,
   Author = {Carroll, J.E.},
   Title = {{Factorization of Fourier and Laplace transforms as a basis of the fast Fourier transform.}},
   Journal = {International Journal of Electronics},
   Volume = {38},
   Number = {2},
   Pages = {265},
   Abstract = {A mechanistic method of finding the next step in an arbitrarily large fast Fourier transform at an arbitrary stage is outlined. The method starts by writing down two different forms for the discrete Fourier transform of a sampled function and converting one into the other by decomposition using partial fractions. The process demonstrated corresponds to decimation in time. The alternative of decimation in frequency is demonstrated through an analogous procedure using the Laplace transform of a sampled function. It is suggested that the method should help in understanding the organization of a large-scale FFT. [ABSTRACT FROM AUTHOR]
Copyright of International Journal of Electronics is the property
of Taylor & Francis Ltd and its content may not be copied or
emailed to multiple sites or posted to a listserv without the
copyright holder's express written permission. However, users may
print, download, or email articles for individual use. This
abstract may be abridged. No warranty is given about the accuracy
of the copy. Users should refer to the original published version
of the material for the full abstract. (Copyright applies to all
Abstracts)},
 Keywords = {FOURIER transformations
LAPLACE transformation ELECTRONICS},
   Year = {1975} }


@article{cooley1,
   Author = {Cooley, James W. and Tukey, John W.},
   Title = {{An Algorithm for the Machine Calculation of Complex Fourier Series}},
   Journal = {Mathematics of Computation},
   Volume = {19},
   Number = {90},
   Pages = {297-301},
   Note = {American Mathematical Society},
 Year = {1965} }


@incollection{leonhard1,
   Author = {Euler, Leonhard},
   Title = {{De constructione aequationum}},
   BookTitle = {Commentarii Academiae Scientiarum Imperialis Petropolitanae},
   Volume = {IX},
   Pages = {85-97},
   Note = {Obtenido de http://math.dartmouth.edu/\~{ }euler/pages/E070.html el 26 diciembre 2004},
 Year = {1744} }

@article{Hvattum200931,
author = {Lars Magnus Hvattum and Fred Glover},
title = {Finding local optima of high-dimensional functions using direct search methods},
journal = {European Journal of Operational Research},
volume = {195},
number = {1},
pages = {31 - 45},
year = {2009}}
